%% This BibTeX bibliography file was created using BibDesk.
%% http://bibdesk.sourceforge.net/

@inproceedings{cheng2018deep,
  title={Deep convolutional autoencoder-based lossy image compression},
  author={Cheng, Zhengxue and Sun, Heming and Takeuchi, Masaru and Katto, Jiro},
  booktitle={2018 Picture Coding Symposium (PCS)},
  pages={253--257},
  year={2018},
  organization={IEEE}
}